2680 4792
315 802 318 810 ¹
409 785 896 944 nunnnn'rro.
950 763 953 770 ’

151 1125 434 1297 Amicissimi
473 1187 740 1282 Οιειιιιιιιιιι,
795 1181 891 1266 inde
923 1211 948 1266 a
970 1180 1163 1298 pluribus

152 1317 267 1396 annis
307 1315 534 1396 studiorum
580 1307 853 1394 societatein
812 1319 952 1392 intime
996 1341 1161 1396 mecum

152 1425 359 1544 conjuncti
407 1435 659 1545 obsequutus
706 1431 953 1536 modestiae,
1016 1445 1159 1547 paucis
1278 1507 1286 1528 ,

148 1562 276 1644 verbis
308 1565 508 1642 rationem
539 1559 700 1668 publice
731 1555 899 1640 reddam
938 1559 1024 1668 ejus
1064 1591 1160 1642 con·
1268 1647 1271 1657 ,

149 1677 235 1786 sssii,
271 1668 384 1797 quod
414 1713 481 1766 me
510 1689 767 1795 potissimum
800 1703 941 1764 autore
967 1691 1158 1795 suscepit.
1266 1793 1268 1806 Ι

149 1815 289 1932 Quum
334 1815 496 1922 saepius
546 1809 641 1890 olim
684 1815 727 1890 in
768 1813 903 1890 animo
950 1809 1159 1894 volvissem

150 1961 337 2052 eaquae
372 1935 454 2015 fieri
485 1953 679 2074 possent
689 1929 740 2010 ad
774 1939 1022 2044 antiquitatis
1049 1935 1160 2017 Chri-

149 2061 302 2142 stianae
334 2059 509 2141 studia
498 2085 660 2165 juvenes
692 2059 753 2138 int
754 2085 797 2135 er
821 2057 1033 2168 theologos
1058 2070 1159 2143 exci
1187 2063 1193 2071 ’

149 2185 274 2288 tanda
305 2181 692 2317 promovendaque,
734 2202 884 2301 sponte
917 2190 1035 2292 quasi
1065 2193 1159 2266 e'na

149 2327 192 2395 ta
225 2311 321 2418 mihi
354 2329 414 2389 est
444 2294 536 2389 idea'
570 2308 817 2393 collectionis
851 2307 1015 2414 alicujus
1055 2329 1159 2392 vete-
1201 2397 1203 2402 ,

148 2463 241 2514 ιιιιιι
297 2451 659 2514 monumentorum
703 2431 939 2512 secuudum
1003 2454 1158 2516 certum

150 2557 357 2704 quendam
385 2555 569 2636 ordinem
601 2555 868 2664 digestorum,
902 2583 984 2666 qua
1017 2567 1158 2664 gravis-

148 2687 251 2760 sima
285 2706 493 2790 quaeque,
539 2705 645 2784 quae
674 2677 728 2756 de
759 2677 878 2757 rebus
912 2679 1158 2762 Christiano-

146 2831 238 2890 rum
272 2807 645 2915 antiquissimorum
686 2806 801 2881 variis
835 2833 875 2883 e
883 2803 1156 2927 'voluminibus

148 2917 427 3037 conquirenda
459 2943 593 3007 essent
624 2923 825 3040 dispersa,
872 2955 955 3008 uno
978 2931 1041 3008 in‘
1058 2931 1157 3010 c'on-

147 3056 263 3200 spect
265 3081 293 3135 ιι
338 3029 667 3162 propon‘erentur
712 3051 1024 3188 perlustranda
1033 3053 1155 3137 histo-

7 3267 9 3274 ,
148 3181 230 3262 riae
271 3175 574 3272 ecclesiasticae
605 3165 858 3262 studiosis
889 3175 1035 3290 Quod
1060 3187 1154 3260 vero

41 3337 42 3342 ¹
151 3323 255 3407 opus
289 3305 508 3411 quominus
538 3305 628 3412 ipse
660 3275 903 3409 aggrederer,
938 3328 1065 3410 quum
1091 3333 1156 3384 va-

149 3430 215 3508 riis
247 3429 443 3534 negotiis
451 3421 598 3510 distent
582 3443 666 3534 tus
677 3423 911 3536 impedirer,
955 3425 1156 3510 dilectissi

148 3575 240 3634 mus
273 3550 531 3652 Orsines,
575 3575 762 3634 sermone
798 3577 961 3634 mecum
992 3551 1155 3656 collato,

150 3679 338 3760 incitatus
371 3699 456 3786 spe
474 3673 577 3758 fruet
561 3693 676 3760 tuum
710 3701 814 3782 quos
848 3703 895 3756 ex
932 3673 1014 3758 hoc
1044 3675 1158 3756 labo-

119 3845 121 3852 ,
150 3825 195 3880 re
227 3796 278 3882 ad
311 3801 580 3910 antiquitatis
591 3799 838 3884 Christianae
861 3798 995 3884 studia
1010 3801 1156 3882 redun-

152 3921 317 4005 daturos
349 3928 386 4007 ei
416 3949 714 4040 persuaseram,
763 3911 1038 4032 prointissimo
1073 3933 1155 4008 ani-
1208 3953 1217 3992 .-

141 4075 221 4168 'mo
261 4045 437 4144 eundem
480 4053 676 4156 suscepit,
724 4075 883 4132 summa
915 4077 1010 4132 cum
1039 4051 1185 4136 induu
